%%% ====================================================================
%%%  BibTeX-file{
%%%     author          = "Gerry Murray",
%%%     version         = "1.2",
%%%     date            = "2 April 2012",
%%%     filename        = "acmsmall-sample-bibfile.bib",
%%%     address         = "ACM, NY",
%%%     email           = "murray at hq.acm.org",
%%%     codetable       = "ISO/ASCII",
%%%     keywords        = "ACM Reference Format, bibliography, citation, references",
%%%     supported       = "yes",
%%%     docstring       = "This BibTeX database file contains 'bibdata' entries
%%%                        that 'match' the examples provided in the Specifications Document
%%%                        AND, also, 'legacy'-type bibs. It should assist authors in 
%%%                        choosing the 'correct' at-bibtype and necessary bib-fields
%%%                        so as to obtain the appropriate ACM Reference Format output. 
%%%			   It also contains many 'Standard Abbreviations'. "
%%%  }
%%% ====================================================================

% Journals

% First the Full Name is given, then the abbreviation used in the AMS Math
% Reviews, with an indication if it could not be found there.
% Note the 2nd overwrites the 1st, so swap them if you want the full name.

 

  

  @inproceedings{Thrun02d,
  author         = "Thrun, S.",
  title          = "Particle Filters in Robotics",
  year           = "2002",
  booktitle      = "Proceedings of the 17th Annual Conference on Uncertainty in AI (UAI)"
  }

  @misc{CS188,
  author         = "UC Berkeley",
  year           = "2017",
  month          = dec,
  title          = "Particle Filters and Applications of HMMs",
  lastaccessed   = "December 1, 2017",
  url            = "http://ai.berkeley.edu/slides/Lecture%2015%20--%20Particle%20Filters%20and%20Applications%20of%20HMMs/SP14%20CS188%20Lecture%2015%20--%20Particle%20Filters%20and%20Applications%20of%20HMMs.pptx",
  }
  @misc{Wikipedia,
  author         = "Wikipedia",
  year           = "2017",
  month          = dec,
  title          = "Particle Filter",
  lastaccessed   = "December 11, 2017",
  url            = "https://en.wikipedia.org/wiki/Particle_filter",
 }




